<record><leader>00000cas a2200000 a 4500</leader><controlfield tag="001">32608091</controlfield><controlfield tag="008">950607c19959999wiudr ne      0   a0eng c</controlfield><datafield ind1=" " ind2=" " tag="010"><subfield code="a">sn 95001917 </subfield></datafield><datafield ind1=" " ind2=" " tag="040"><subfield code="a">NSD</subfield><subfield code="b">eng</subfield><subfield code="c">NSD</subfield><subfield code="d">OCL</subfield><subfield code="d">NVF</subfield><subfield code="d">CVF</subfield><subfield code="d">DLC</subfield><subfield code="d">EBZ</subfield><subfield code="d">NVF</subfield><subfield code="d">OCLCQ</subfield><subfield code="d">OCLCF</subfield><subfield code="d">OCLCO</subfield></datafield><datafield ind1=" " ind2=" " tag="019"><subfield code="a">32247177</subfield></datafield><datafield ind1="1" ind2=" " tag="022"><subfield code="a">1082-8850</subfield><subfield code="l">1082-8850</subfield><subfield code="2">1</subfield></datafield><datafield ind1="1" ind2=" " tag="029"><subfield code="a">AU@</subfield><subfield code="b">000011781143</subfield></datafield><datafield ind1="1" ind2=" " tag="029"><subfield code="a">NZ1</subfield><subfield code="b">16067180</subfield></datafield><datafield ind1=" " ind2=" " tag="032"><subfield code="a">350340</subfield><subfield code="b">USPS</subfield></datafield><datafield ind1=" " ind2=" " tag="037"><subfield code="b">Journal Sentinel, Inc., 333 W. State St., P.O. Box 661, Milwaukee, WI 53201-0661</subfield></datafield><datafield ind1=" " ind2=" " tag="042"><subfield code="a">nsdp</subfield><subfield code="a">pcc</subfield></datafield><datafield ind1=" " ind2=" " tag="043"><subfield code="a">n-us-wi</subfield></datafield><datafield ind1="0" ind2="0" tag="050"><subfield code="a">Newspaper</subfield></datafield><datafield ind1=" " ind2="0" tag="222"><subfield code="a">Milwaukee journal sentinel</subfield></datafield><datafield ind1="0" ind2="0" tag="245"><subfield code="a">Milwaukee journal sentinel.</subfield></datafield><datafield ind1="1" ind2=" " tag="246"><subfield code="i">Published on Sundays Apr. 2, 1995- as:</subfield><subfield code="a">Sunday journal sentinel</subfield></datafield><datafield ind1="1" ind2=" " tag="246"><subfield code="i">Published on Sunday &lt;Aug. 25, 2002&gt; as:</subfield><subfield code="a">Early Sunday journal sentinel</subfield></datafield><datafield ind1="3" ind2="0" tag="246"><subfield code="a">Journal sentinel</subfield></datafield><datafield ind1=" " ind2=" " tag="260"><subfield code="a">Milwaukee, Wis. :</subfield><subfield code="b">Journal Sentinel, Inc.,</subfield><subfield code="c">1995-</subfield></datafield><datafield ind1=" " ind2=" " tag="300"><subfield code="a">v.</subfield></datafield><datafield ind1=" " ind2=" " tag="310"><subfield code="a">Daily</subfield></datafield><datafield ind1="0" ind2=" " tag="362"><subfield code="a">Vol. 113, no. 135 (Apr. 2, 1995)-</subfield></datafield><datafield ind1=" " ind2=" " tag="500"><subfield code="a">Published numerous weekday editions including: Final ed., Metro ed., State ed., Metro West ed., and Metro North ed.</subfield></datafield><datafield ind1=" " ind2=" " tag="500"><subfield code="a">Published 2 Wednesday editions &lt;Aug. 21, 2002&gt;-&lt;Aug. 28, 2002&gt;: Final Edition North and Metro North ed.</subfield></datafield><datafield ind1=" " ind2=" " tag="500"><subfield code="a">Published numerous Sunday editions including: Final ed., Sunrise ed., Early ed., Wisconsin ed., and Metro ed.</subfield></datafield><datafield ind1=" " ind2=" " tag="515"><subfield code="a">Continues the numbering of The Milwaukee journal.</subfield></datafield><datafield ind1=" " ind2=" " tag="530"><subfield code="a">Also issued on microfilm from Bell &amp; Howell Information and Learning.</subfield></datafield><datafield ind1=" " ind2=" " tag="530"><subfield code="a">Also issued via the Internet. Address as of Dec. 2, 2002: http://www.jsonline.com.</subfield></datafield><datafield ind1=" " ind2=" " tag="588"><subfield code="a">Latest issue consulted: Vol. 120, no. 286 (Aug. 25, 2002).</subfield></datafield><datafield ind1=" " ind2="0" tag="651"><subfield code="a">Milwaukee (Wis.)</subfield><subfield code="v">Newspapers.</subfield></datafield><datafield ind1=" " ind2="0" tag="651"><subfield code="a">Milwaukee County (Wis.)</subfield><subfield code="v">Newspapers.</subfield></datafield><datafield ind1=" " ind2="0" tag="651"><subfield code="a">Ozaukee County (Wis.)</subfield><subfield code="v">Newspapers.</subfield></datafield><datafield ind1=" " ind2="0" tag="651"><subfield code="a">Washington County (Wis.)</subfield><subfield code="v">Newspapers.</subfield></datafield><datafield ind1=" " ind2="0" tag="651"><subfield code="a">Waukesha (Wis.)</subfield><subfield code="v">Newspapers.</subfield></datafield><datafield ind1=" " ind2="7" tag="655"><subfield code="a">Newspapers.</subfield><subfield code="2">fast</subfield><subfield code="0">(OCoLC)fst01423814</subfield></datafield><datafield ind1=" " ind2="7" tag="651"><subfield code="a">Wisconsin</subfield><subfield code="z">Milwaukee.</subfield><subfield code="2">fast</subfield><subfield code="0">(OCoLC)fst01206626</subfield></datafield><datafield ind1=" " ind2="7" tag="651"><subfield code="a">Wisconsin</subfield><subfield code="z">Milwaukee County.</subfield><subfield code="2">fast</subfield><subfield code="0">(OCoLC)fst01202910</subfield></datafield><datafield ind1=" " ind2="7" tag="651"><subfield code="a">Wisconsin</subfield><subfield code="z">Ozaukee County.</subfield><subfield code="2">fast</subfield><subfield code="0">(OCoLC)fst01209943</subfield></datafield><datafield ind1=" " ind2="7" tag="651"><subfield code="a">Wisconsin</subfield><subfield code="z">Washington County.</subfield><subfield code="2">fast</subfield><subfield code="0">(OCoLC)fst01209942</subfield></datafield><datafield ind1=" " ind2="7" tag="651"><subfield code="a">Wisconsin</subfield><subfield code="z">Waukesha.</subfield><subfield code="2">fast</subfield><subfield code="0">(OCoLC)fst01234251</subfield></datafield><datafield ind1=" " ind2=" " tag="752"><subfield code="a">United States</subfield><subfield code="b">Wisconsin</subfield><subfield code="c">Milwaukee</subfield><subfield code="d">Milwaukee.</subfield></datafield><datafield ind1=" " ind2=" " tag="752"><subfield code="a">United States</subfield><subfield code="b">Wisconsin</subfield><subfield code="c">Washington</subfield><subfield code="d">Milwaukee.</subfield></datafield><datafield ind1="0" ind2="4" tag="780"><subfield code="t">Milwaukee journal (Milwaukee, Wis. : 1890)</subfield><subfield code="x">1052-4452</subfield><subfield code="w">(DLC)sn 83045292</subfield><subfield code="w">(OCoLC)1757504</subfield></datafield><datafield ind1="0" ind2="4" tag="780"><subfield code="t">Milwaukee sentinel (Milwaukee, Wis. : 1883)</subfield><subfield code="w">(DLC)sn 85033183</subfield><subfield code="w">(OCoLC)11723897</subfield></datafield><datafield ind1="4" ind2="1" tag="856"><subfield code="u">http://www.jsonline.com</subfield></datafield></record>